@article{DBLP:journals/corr/abs-1803-04282,
  author    = {Frank Kammer and
               Andrej Sajenko},
  title     = {Linear-Time In-Place {DFS} and {BFS} in the Restore Model},
  journal   = {CoRR},
  volume    = {abs/1803.04282},
  year      = {2018},
  url       = {http://arxiv.org/abs/1803.04282},
  archivePrefix = {arXiv},
  eprint    = {1803.04282},
  timestamp = {Mon, 13 Aug 2018 16:47:51 +0200},
  biburl    = {https://dblp.org/rec/journals/corr/abs-1803-04282.bib},
  bibsource = {dblp computer science bibliography, https://dblp.org}
}

@article{DBLP:journals/corr/abs-1809-07661,
  author    = {Torben Hagerup},
  title     = {Small Uncolored and Colored Choice Dictionaries},
  journal   = {CoRR},
  volume    = {abs/1809.07661},
  year      = {2018},
  url       = {http://arxiv.org/abs/1809.07661},
  archivePrefix = {arXiv},
  eprint    = {1809.07661},
  timestamp = {Fri, 05 Oct 2018 11:34:52 +0200},
  biburl    = {https://dblp.org/rec/journals/corr/abs-1809-07661.bib},
  bibsource = {dblp computer science bibliography, https://dblp.org}
}

@misc{code,
  author    = {Frank Kammer and
               Andrej Sajenko},
  title     = {Space efficient (graph) algorithms},
  year      = {2018},
  url       = {},
  howpublished = "\url{https://github.com/thm-mni-ii/sea}"}
}

@misc{presentation-source,
  author    = {Tomáš Sláma},
  title     = {Zdrojový kód k prezentaci},
  url       = {},
  howpublished = "\url{https://github.com/xiaoxiae/inline-bfs-dfs-presentation}"}
}
